@article{xiao2017exact,
  title={Exact algorithms for maximum independent set},
  author={Xiao, Mingyu and Nagamochi, Hiroshi},
  journal={Information and Computation},
  volume={255},
  pages={126--146},
  year={2017},
  publisher={Elsevier}
}

@article{main,
  title={Solving {NP-Hard} problems on graphs by Reinforcement Learning without domain knowledge},
  author={Abe, Kenshin and Xu, Zijian and Sato, Issei and Sugiyama, Masashi},
  journal={arXiv preprint arXiv:1905.11623},
  year={2019}
}


@phdthesis{applications,
  title={Maximum Independent Set and Related Problems, With Applications},
  author={Butenko, Sergiy},
  year={2003},
  school={University of Florida}
}

@inproceedings{sup,
  title={Combinatorial optimization with graph convolutional networks and guided tree search},
  author={Li, Zhuwen and Chen, Qifeng and Koltun, Vladlen},
  booktitle={Advances in Neural Information Processing Systems},
  pages={539--548},
  year={2018}
}

@article{UCB-U,
  title={Multi-armed bandits with episode context},
  author={Rosin, Christopher D},
  journal={Annals of Mathematics and Artificial Intelligence},
  volume={61},
  number={3},
  pages={203--230},
  year={2011},
  publisher={Springer}
}

@article{random-graphs,
  title={On the evolution of random graphs},
  author={Erd{\H{o}}s, Paul and R{\'e}nyi, Alfr{\'e}d},
  journal={Publ. Math. Inst. Hung. Acad. Sci},
  volume={5},
  number={1},
  pages={17--60},
  year={1960}
}

@inproceedings{curriculum-learning,
  title={Curriculum learning},
  author={Bengio, Yoshua and Louradour, J{\'e}r{\^o}me and Collobert, Ronan and Weston, Jason},
  booktitle={Proceedings of the 26th Annual Iternational Conference on Machine Learning},
  pages={41--48},
  year={2009},
  organization={ACM}
}

@article{phase-transition,
  author    = {Amin Coja{-}Oghlan and
               Charilaos Efthymiou},
  title     = {On independent sets in random graphs},
  journal   = {CoRR},
  volume    = {abs/1007.1378},
  year      = {2010},
  url       = {http://arxiv.org/abs/1007.1378},
  archivePrefix = {arXiv},
  eprint    = {1007.1378},
  timestamp = {Mon, 13 Aug 2018 16:48:11 +0200},
  biburl    = {https://dblp.org/rec/bib/journals/corr/abs-1007-1378},
  bibsource = {dblp computer science bibliography, https://dblp.org}
}

@article{UCB,
  title={Finite-time analysis of the multiarmed bandit problem},
  author={Auer, Peter and Cesa-Bianchi, Nicolo and Fischer, Paul},
  journal={Machine Learning},
  volume={47},
  number={2-3},
  pages={235--256},
  year={2002},
  publisher={Springer}
}

@online{citation-networks,
  author = {{LINQS group at University of California,  Santa Cruz}},
  title = {{LINQS}, {Statistical Relational Learning Group}},
  year = 1999,
  url = {https://linqs.soe.ucsc.edu/},
  urldate = {2010-12-29}
}

@online{dataset2,
  author = {Ke Xu},
  title = {Forced Satisfiable {CSP} and {SAT} Benchmarks of Model {RB}
------Hiding Solutions with Growing Domains},
  year = 2004,
  url = {http://sites.nlsde.buaa.edu.cn/~kexu/benchmarks/benchmarks.htm},
  urldate = {2010-12-29}
}


@online{dataset,
  author = {Ke Xu},
  title = {{BHOSLIB}: Benchmarks with hidden optimum solutions for graph problems (Maximum Clique, Maximum Independent Set, Minimum Vertex Cover and Vertex Coloring)
------ hiding exact solutions in random graphs},
  year = 2004,
  url = {http://sites.nlsde.buaa.edu.cn/~kexu/benchmarks/graph-benchmarks.htm},
  urldate = {2019-12-20}
}
% https://iopscience.iop.org/article/10.1088/1742-5468/ab409d/meta